<?xml version="1.0" encoding="UTF-8"?><collection xmlns="http://www.loc.gov/MARC21/slim"><record><leader>00347nam--2200145-i-4500</leader><controlfield tag="001">000000314</controlfield><controlfield tag="002">20161230</controlfield><controlfield tag="005">20170101234653</controlfield><controlfield tag="008">060222s1000------------r-----000-0-eng-d</controlfield><datafield ind1=" " ind2=" " tag="100"><subfield code="a">Friedel, H</subfield></datafield><datafield ind1=" " ind2=" " tag="245"><subfield code="a">A la decouverte de la geometrie</subfield></datafield><datafield ind1=" " ind2=" " tag="260"><subfield code="a">Paris</subfield><subfield code="b">Dunod</subfield></datafield><datafield ind1=" " ind2=" " tag="300"><subfield code="a">XIII + 110 P</subfield></datafield><datafield ind1=" " ind2=" " tag="852"><subfield code="a">14491</subfield><subfield code="c">513</subfield></datafield><datafield ind1=" " ind2=" " tag="CAT"><subfield code="a">SYS</subfield><subfield code="c">20170101</subfield><subfield code="h">234653</subfield></datafield></record></collection>